@online{spaziowebpdf,
  author       = {Autore sconosciuto},
  title        = {Documento PDF da SpazioWeb},
  year         = {2025},
  url          = {https://files.spazioweb.it/b3/2a/b32ab4b0-bad4-4cfb-ad2f-b36dd422eb86.pdf},
}

@online{rearoboticsLOGO,
  author       = {Rea Robotics},
  title        = {Homepage ufficiale di Rea Robotics},
  year         = {2025},
  url          = {https://www.rearobotics.it/},
}

@online{rearobotics,
  author       = {Rea Robotics},
  title        = {Chi Siamo},
  year         = {2024},
  url          = {https://www.rearobotics.it/chi-siamo/},
}

@online{sielcosistemi,
  author       = {Sielco Sistemi},
  title        = {Cosa è SCADA?},
  year         = {2025},
  url          = {https://www.sielcosistemi.com/it/cosa-è-scada.html},
}

@online{exonsys_scada,
  author       = {ExonSys},
  title        = {SCADA Software Solutions},
  year         = {2022},
  url          = {https://exonsys.com/en/software/scada/},
}

@online{asemautomation,
  author    = {ASEM S.r.l.},
  title     = {FactoryTalk® Optix™ Application Software},
  year      = {2025},
  url       = {https://www.asemautomation.com/it/prodotti/251/factorytalk-optix.html},
}

@online{rockwelloptixsqlquery,
  author       = {Rockwell Automation},
  title        = {FactoryTalk Optix: SQL Query},
  year         = {2025},
  url          = {https://www.rockwellautomation.com/en-us/docs/factorytalk-optix/1-00/contents-ditamap/using-the-software/datastore-database/sql-query.html},
}

@online{rockwelloptixmainwindow,
  author       = {Rockwell Automation},
  title        = {FactoryTalk Optix: Configure the Main Window},
  year         = {2025},
  url          = {https://www.rockwellautomation.com/en-us/docs/factorytalk-optix/1-00/contents-ditamap/getting-started/quick-start/configure-and-brand-the-main-window/configure-the-main-window.html},
}

@online{rockwelloptixdatastore,
  author       = {Rockwell Automation},
  title        = {FactoryTalk Optix: Datastore Database},
  year         = {2025},
  url          = {https://www.rockwellautomation.com/en-us/docs/factorytalk-optix/1-00/contents-ditamap/using-the-software/datastore-database.html},
}

@online{factorytalk_datagrid_example,
  author       = {Rockwell Automation},
  title        = {FactoryTalk Optix: Data Grid Example},
  year         = {2025},
  url          = {https://www.rockwellautomation.com/en-us/docs/factorytalk-optix/1-00/contents-ditamap/developing-solutions/object-examples/data-grid-example.html},
}

@online{factorytalk_recipes,
  author       = {Rockwell Automation},
  title        = {FactoryTalk Optix: Recipes},
  year         = {2025},
  url          = {https://www.rockwellautomation.com/en-us/docs/factorytalk-optix/1-00/contents-ditamap/using-the-software/recipes.html},
}

@online{factorytalk_netlogic,
  author       = {Rockwell Automation},
  title        = {FactoryTalk Optix: Developing Projects with C\# - NetLogic},
  year         = {2025},
  url          = {https://www.rockwellautomation.com/en-us/docs/factorytalk-optix/1-00/contents-ditamap/developing-solutions/developing-projects-with-csharp/netlogic.html},
}

@online{factorytalk_odbcstore,
  author       = {Rockwell Automation},
  title        = {FactoryTalk Optix: ODBC Store Object Types},
  year         = {2025},
  url          = {https://www.rockwellautomation.com/en-us/docs/factorytalk-optix/1-00/contents-ditamap/developing-solutions/object-and-variable-references/ftoptix-odbcstore/objecttypes/odbcstore.html},
}

@online{factorytalk_setdynamiclink,
  author       = {Rockwell Automation},
  title        = {FactoryTalk Optix: IUA Variable - SetDynamicLink3},
  year         = {2025},
  url          = {https://www.rockwellautomation.com/en-us/docs/factorytalk-optix/1-00/contents-ditamap/developing-solutions/developing-projects-with-csharp/csharp-apis-reference/manage-dynamic-links/iuavariable-setdynamiclink3.html},
}

@online{factorytalk_alarms,
  author       = {Rockwell Automation},
  title        = {FactoryTalk Optix: Alarms},
  year         = {2025},
  url          = {https://www.rockwellautomation.com/en-us/docs/factorytalk-optix/1-00/contents-ditamap/using-the-software/alarms.html},
}

@online{factorytalk_users_groups,
  author       = {Rockwell Automation},
  title        = {FactoryTalk Optix: Users and Groups},
  year         = {2025},
  url          = {https://www.rockwellautomation.com/en-us/docs/factorytalk-optix/1-00/contents-ditamap/using-the-software/users-and-groups.html},
}